
@misc{LemkulTutorials,
 author = "Lemkul, Justin",
 title = "GROMACS Tutorials",
 url = "http://www.bevanlab.biochem.vt.edu/Pages/Personal/justin/gmx-tutorials",
 lastchecked = "25.10.2017"
}

@misc{AmberBeginner,
 author = "Madej, Benjamin and Walker, Ross",
 title = "AMBER Tutorial B0: An Introduction to Molecular Dynamics Simulations Using AMBER",
 url = "http://ambermd.org/tutorials/basic/tutorial0/index.html",
 lastchecked = "25.10.2017"
}

@book{LeachBook, 
 author = "Leach, Andrew R.",
 title = "Molecular Modelling: Principles and Applications",
 year = "2001",
 publisher = "Pearson Education Limited",
 address = "Essex, England",
 edition = "Second"
} 

@misc{ShellNotes,
 author = "Shell, M. Scott",
 title = "Principles of modern molecular simulation methods: Lecture Notes",
 url = "https://engineering.ucsb.edu/~shell/che210d/assignments.html",
 lastchecked = "25.10.2017"
}

@article{Yeh2004,
 author = {Yeh, In-Chul and Hummer, Gerhard},
 doi = {10.1021/jp0477147},
 journal = {The Journal of Physical Chemistry B},
 number = {40},
 pages = {15873--15879},
 title = {{System-Size Dependence of Diffusion Coefficients and Viscosities from Molecular Dynamics Simulations with Periodic Boundary Conditions}},
 url = {http://dx.doi.org/10.1021/jp0477147},
 volume = {108},
 year = {2004}
}

@book{GlodsteinBook,
 author = "Goldstein, Herbert and Poole, Charles and Safko, John",
 title = "Classical Mechanics",
 year = "2000",
 publisher = "Addison Wesley",
 edition = "Third"
}

@book{ReifBook,
 author = "Reif, Frederick",
 title = "Fundamentals of Statiscal and Thermal Physics",
 year = "2009",
 publisher = "Waveland Press, Inc."
}

@book{ZemanskyBook,
 author = "Zemansky, Mark W. and Dittman, Richard H.",
 title = "Heat and Thermodynamics",
 year = "1996",
 publisher = "McGraw-Hill College"
}

@book{AtkinsBook,
 author = "Atkins, Peter and Paula, Julio de",
 title = "Atkins' Physical Chemistry",
 year = "2014",
 publisher = "Oxford University Press",
 edition = "Tenth Revised Edition"
}

@book{DillBook,
 author = "Dill, Ken A. and Bromberg, Sarina",
 title = "Molecular Driving Forces: Statistical Thermodynamics in Biology, Chemistry, Physics, and Nanoscience",
 year = "2010",
 publisher = "Garland Science",
 edition = "Second"
}

@book{McQuarrieStatMechBook,
 author = "McQuarrie, Donald A.",
 title = "Statistical Mechanics",
 year = "2000",
 publisher = "University Science Books",
}

@book{ChandlerBook,
 author = "Chandler, David",
 title = "Introduction to Modern Statistical Mechanics",
 year = "1987",
 publisher = "Oxford University Press",
 edition = "First"
}

@article{thermostatAlgorithms2005,
  title={Thermostat algorithms for molecular dynamics simulations},
  author={H{\"u}nenberger, Philippe H},
  journal={Advanced computer simulation},
  pages={130--130},
  year={2005},
  publisher={Springer}
}

@book{allenTildesleyLiquids,
  title={Computer simulation of liquids},
  author={Allen, Michael P and Tildesley, Dominic J},
  year={2017},
  publisher={Oxford university press}
}


@article{hoover1985canonical,
  title={Canonical dynamics: equilibrium phase-space distributions},
  author={Hoover, William G},
  journal={Physical review A},
  volume={31},
  number={3},
  pages={1695},
  year={1985},
  publisher={APS}
}

@article{andersen1980molecular,
  title={Molecular dynamics simulations at constant pressure and/or temperature},
  author={Andersen, Hans C},
  journal={The Journal of chemical physics},
  volume={72},
  number={4},
  pages={2384--2393},
  year={1980},
  publisher={AIP}
}

@article{berendsen1984molecular,
  title={Molecular dynamics with coupling to an external bath},
  author={Berendsen, Herman JC and Postma, JPM van and van Gunsteren, Wilfred F and DiNola, ARHJ and Haak, JR},
  journal={The Journal of chemical physics},
  volume={81},
  number={8},
  pages={3684--3690},
  year={1984},
  publisher={AIP}
}

@article{schneider1978molecular,
  title={Molecular-dynamics study of a three-dimensional one-component model for distortive phase transitions},
  author={Schneider, T and Stoll, E},
  journal={Physical Review B},
  volume={17},
  number={3},
  pages={1302},
  year={1978},
  publisher={APS}
}

@article{martyna1992nose,
  title={Nos{\'e}--Hoover chains: the canonical ensemble via continuous dynamics},
  author={Martyna, Glenn J and Klein, Michael L and Tuckerman, Mark},
  journal={The Journal of chemical physics},
  volume={97},
  number={4},
  pages={2635--2643},
  year={1992},
  publisher={AIP}
}

@article{amber15FB,
  author = {Wang, Lee-Ping and McKiernan, Keri A. and Gomes, Joseph and Beauchamp, Kyle A. and Head-Gordon, Teresa and Rice, Julia E. and Swope, William C. and MartÃ­nez, Todd J. and Pande, Vijay S.},
  title = {Building a More Predictive Protein Force Field: A Systematic and Reproducible Route to AMBER-FB15},
  journal = {The Journal of Physical Chemistry B},
  volume = {121},
  number = {16},
  pages = {4023-4039},
  year = {2017},
  doi = {10.1021/acs.jpcb.7b02320},
  note ={PMID: 28306259},
  URL = {https://doi.org/10.1021/acs.jpcb.7b02320},
  eprint = {https://doi.org/10.1021/acs.jpcb.7b02320}
}

@article{mackerell2004CMAP,
author = {Mackerell Alexander D. and Feig Michael and Brooks Charles L.},
title = {Extending the treatment of backbone energetics in protein force fields: Limitations of gas-phase quantum mechanics in reproducing protein conformational distributions in molecular dynamics simulations},
journal = {Journal of Computational Chemistry},
volume = {25},
number = {11},
pages = {1400-1415},
keywords = {ab initio, CMAP, molecular dynamics, dihedral angles, empirical force field, molecular mechanics},
doi = {10.1002/jcc.20065},
url = {https://onlinelibrary.wiley.com/doi/abs/10.1002/jcc.20065},
eprint = {https://onlinelibrary.wiley.com/doi/pdf/10.1002/jcc.20065}
}

@article{perez2015,
author = {Perez, Alberto and MacCallum, Justin L. and Brini, Emiliano and Simmerling, Carlos and Dill, Ken A.},
doi = {10.1021/acs.jctc.5b00662},
file = {:Users/jacobmonroe/Documents/Papers{\_}Library/Perez2015{\_}Grid-based{\_}backbone{\_}correction{\_}ff12sb.pdf:pdf},
issn = {1549-9618},
journal = {Journal of Chemical Theory and Computation},
month = {oct},
number = {10},
pages = {4770--4779},
pmid = {26574266},
title = {{Grid-Based Backbone Correction to the ff12SB Protein Force Field for Implicit-Solvent Simulations}},
url = {http://pubs.acs.org/doi/10.1021/acs.jctc.5b00662},
volume = {11},
year = {2015}
}

@article{sanyal2016,
author = {Sanyal, Tanmoy and Shell, M. Scott},
doi = {10.1063/1.4958629},
file = {:Users/jacobmonroe/Library/Application Support/Mendeley Desktop/Downloaded/Sanyal, Shell - 2016 - Coarse-grained models using local-density potentials optimized with the relative entropy Application to implicit.pdf:pdf},
issn = {0021-9606},
journal = {The Journal of Chemical Physics},
number = {3},
pages = {034109},
title = {{Coarse-grained models using local-density potentials optimized with the relative entropy: Application to implicit solvation}},
url = {http://scitation.aip.org/content/aip/journal/jcp/145/3/10.1063/1.4958629},
volume = {145},
year = {2016}
}

@misc{AmberManual,
  author = {Case, D.A. and Cerutti, D.S. and {Cheatham, III}, T.E. and Darden, T.A. and Duke, R.E. and Giese, T.J. and Gohlke, H. and Goetz, A.W. and Greene, D. and Homeyer, N. and Izadi, S. and Kovalenko, A. and Lee, T.S. and LeGrand, S. and Li, P. and Lin, C. and Liu, J. and Luchko, T. and Luo, R. and Mermelstein, D. and Merz, K.M. and Monard, G. and Nguyen, H. and Omelyan, I. and Onufriev, A. and Pan, F. and Qi, R. and Roe, D.R. and Roitberg, A. and Sagui, C. and Simmerling, C.L. and Botello-Smith, W.M. and Swails, J. and Walker, R.C. and Wang, J. and Wolf, R.M. and Wu, X. and Xiao, L. and Kollman, P.A.},
  title = "Amber Reference Manuals",
  url = "http://ambermd.org/Manuals.php",
  lastchecked = "24.06.2018"
}

@misc{GROMACSManual,
  author = {Apol, Emile and Apostolov, Rossen and Berendsen, Herman J. C. and van Buuren, Aldert and Bjelkmar, Pär and van Drunen, Rudi and Feenstra, Anton and Fritsch, Sebastian and Groenhof, Gerrit and Junghans, Christoph and Hub, Jochen and Kasson, Peter and Kutzner, Carsten and Lambeth, Brad and Larsson, Per and Lemkul, Justin A. and Lindahl, Viveca and Lundborg, Magnus and Marklund, Erik and Meulenhoff, Pieter and Murtola, Teemu and Páll, Szilárd and Pronk, Sander and Schulz, Roland and Shirts, Michael and Sijbers, Alfons and Tieleman, Peter and Wennberg, Christian and Wolf, Maarten and Abraham, Mark and Hess, Berk and van der Spoel, David and Lindahl, Erik},
  title = "GROMACS Documentation Reference Manual",
  url = "http://manual.gromacs.org/documentation/",
  lastchecked = "24.06.2018"
}

@article{Mobley:2018:bioRxiv,
  title = {Open {{Force Field Consortium}}: {{Escaping}} Atom Types Using Direct Chemical Perception with {{SMIRNOFF}} v0.1},
  copyright = {\textcopyright{} 2018, Posted by Cold Spring Harbor Laboratory. This pre-print is available under a Creative Commons License (Attribution 4.0 International), CC BY 4.0, as described at http://creativecommons.org/licenses/by/4.0/},
  shorttitle = {Open {{Force Field Consortium}}},
  doi = {10.1101/286542},
  language = {en},
  journal = {bioRxiv},
  author = {Mobley, David and Bannan, Caitlin C. and Rizzi, Andrea and Bayly, Christopher I. and Chodera, John D. and Lim, Victoria T. and Lim, Nathan M. and Beauchamp, Kyle A. and Shirts, Michael R. and Gilson, Michael K. and Eastman, Peter K.},
  month = mar,
  year = {2018},
  pages = {286542},
  file = {/Users/dmobley/Zotero/storage/RU44WLTJ/Mobley et al. - 2018 - Open Force Field Consortium Escaping atom types u.pdf;/Users/dmobley/Zotero/storage/NXSC3XM3/286542.html}
}

@article{Riniker2018,
author = {Riniker, Sereina},
doi = {10.1021/acs.jcim.8b00042},
file = {:Users/jacobmonroe/Documents/Papers{\_}Library/Best{\_}Practices/Riniker2018{\_}Fixed{\_}charge{\_}force{\_}fields{\_}review{\_}bio-centric.pdf:pdf},
issn = {15205142},
journal = {Journal of Chemical Information and Modeling},
keywords = {amber,charmm,force fi elds,gromos,molecular dynamics simulations,opls},
number = {3},
pages = {565--578},
title = {{Fixed-Charge Atomistic Force Fields for Molecular Dynamics Simulations in the Condensed Phase: An Overview}},
volume = {58},
year = {2018}
}

@article{Ponder2003,
author = {Ponder, Jay W. and Case, David A.},
doi = {10.1016/S0065-3233(03)66002-X},
file = {:Users/jacobmonroe/Documents/Papers{\_}Library/Best{\_}Practices/Ponder2003{\_}Force{\_}fields{\_}for{\_}protein{\_}simulations.pdf:pdf},
isbn = {9780120342662},
issn = {00653233},
journal = {Advances in Protein Chemistry},
pages = {27--85},
pmid = {14631816},
title = {{Force fields for protein simulations}},
volume = {66},
year = {2003}
}

@article{Mishra2017,
author = {Mishra, Ratan K. and Mohamed, Aslam Kunhi and Geissb{\"{u}}hler, David and Manzano, Hegoi and Jamil, Tariq and Shahsavari, Rouzbeh and Kalinichev, Andrey G. and Galmarini, Sandra and Tao, Lei and Heinz, Hendrik and Pellenq, Roland and van Duin, Adri C.T. and Parker, Stephen C. and Flatt, Robert J. and Bowen, Paul},
doi = {10.1016/j.cemconres.2017.09.003},
file = {:Users/jacobmonroe/Documents/Papers{\_}Library/Best{\_}Practices/Mishra2017{\_}Clay{\_}mineral{\_}force{\_}field{\_}database.pdf:pdf},
isbn = {0008-8846},
issn = {00088846},
journal = {Cement and Concrete Research},
keywords = {Cement force field database (cemff),Force field (FF),Molecular simulation,Nanoscale mechanisms,Parameterizations},
number = {October},
pages = {68--89},
title = {{cemff: A force field database for cementitious materials including validations, applications and opportunities}},
volume = {102},
year = {2017}
}

@article{Lopes2009,
archivePrefix = {arXiv},
arxivId = {NIHMS150003},
author = {Lopes, Pedro E.M. and Roux, Benoit and MacKerell, Alexander D.},
doi = {10.1007/s00214-009-0617-x},
eprint = {NIHMS150003},
file = {:Users/jacobmonroe/Documents/Papers{\_}Library/Best{\_}Practices/Lopes2009{\_}Polarizable{\_}models{\_}review.pdf:pdf},
isbn = {1432-881X (Print)$\backslash$n1432-2234 (Linking)},
issn = {1432881X},
journal = {Theoretical Chemistry Accounts},
keywords = {Computational chemistry,Empirical force field,Molecular dynamics simulations},
number = {1-2},
pages = {11--28},
pmid = {20577578},
title = {{Molecular modeling and dynamics studies with explicit inclusion of electronic polarizability: Theory and applications}},
volume = {124},
year = {2009}
}

@article{Becker2013,
author = {Becker, Chandler A. and Tavazza, Francesca and Trautt, Zachary T. and {Buarque De Macedo}, Robert A.},
doi = {10.1016/j.cossms.2013.10.001},
file = {:Users/jacobmonroe/Documents/Papers{\_}Library/Best{\_}Practices/Becker2013{\_}Choosing{\_}force{\_}fields{\_}for{\_}materials{\_}science.pdf:pdf},
isbn = {13590286},
issn = {13590286},
journal = {Current Opinion in Solid State and Materials Science},
keywords = {Atomistic simulation,Force fields,Interatomic potentials,Molecular simulation},
number = {6},
pages = {277--283},
publisher = {Elsevier Ltd},
title = {{Considerations for choosing and using force fields and interatomic potentials in materials science and engineering}},
url = {http://dx.doi.org/10.1016/j.cossms.2013.10.001},
volume = {17},
year = {2013}
}

@misc{openKIM,
  author = {Tadmor, E.B. and Elliott and R.S. and Sethna, J.P. and Miller, R.E. and Becker, C.A.},
  title = {Knowledgebase of Interatomic Models (KIM)},
  url = {https://openkim.org}
}

@misc{IPRnist,
 author = "Hale, Lucas and Trautt, Zachary and Becker, Chandler",
 title = "Interatomic Potentials Repository Project",
 url = "https://www.ctcms.nist.gov/potentials/"
}


